% Encoding: UTF-8

@Article{Wang_2020,
  author       = {Qi Wang and Yue Ma and Kun Zhao and Yingjie Tian},
  date         = {2020-04},
  journaltitle = {Annals of Data Science},
  title        = {A Comprehensive Survey of Loss Functions in Machine Learning},
  doi          = {10.1007/s40745-020-00253-5},
  issn         = {2198-5804},
  number       = {2},
  pages        = {187-212},
  volume       = {9},
  file         = {:full_texts/Wang_2020 - A Comprehensive Survey of Loss Functions in Machine Learning.pdf:PDF},
  publisher    = {Springer Science and Business Media {LLC}},
}

@Comment{jabref-meta: databaseType:biblatex;}
